@article{tang2019chebnet,
  title={ChebNet: Efficient and Stable Constructions of Deep Neural Networks with Rectified Power Units using Chebyshev Approximations},
  author={Tang, Shanshan and Li, Bo and Yu, Haijun},
  journal={arXiv preprint arXiv:1911.05467},
  year={2019}
}
@book{chung1997spectral,
  title={Spectral graph theory},
  author={Chung, Fan RK and Graham, Fan Chung},
  number={92},
  year={1997},
  publisher={American Mathematical Soc.}
}
@article{kipf2016semi,
  title={Semi-supervised classification with graph convolutional networks},
  author={Kipf, Thomas N and Welling, Max},
  journal={arXiv preprint arXiv:1609.02907},
  year={2016}
}
@article{chen2020note,
  title={A Note on Spectral Graph Neural Network},
  author={Chen, Xinye},
  journal={arXiv preprint arXiv:2012.06660},
  year={2020}
}
