@article{sharon2015conflict,
    title = {Conflict-based search for optimal multi-agent pathfinding},
    author = {Sharon, Guni and Stern, Roni and Felner, Ariel and Sturtevant, Nathan R},
    journal = {Artificial Intelligence},
    volume = {219},
    pages = {40--66},
    year = {2015},
    publisher = {Elsevier}
}