@inproceedings{vandermeulen2019balanced,
    title = {Balanced task allocation by partitioning the multiple traveling salesperson problem},
    author = {Vandermeulen, Isaac and Gro{\ss}, Roderich and Kolling, Andreas},
    booktitle = {2019 International Conference on Autonomous Agents and Multiagent Systems},
    pages = {1479--1487},
    year = {2019},
    organization = {ACM}
}
