@book{murphy2012machine,
    title = {Machine learning: a probabilistic perspective},
    author = {Murphy, Kevin P},
    year = {2012},
    publisher = {MIT press}
}
@book{dekking2005modern,
    title = {A Modern Introduction to Probability and Statistics: Understanding why and how},
    author = {Dekking, Frederik Michel and Kraaikamp, Cornelis and Lopuha{\"a}, Hendrik Paul and Meester, Ludolf Erwin},
    year = {2005},
    publisher = {Springer Science \& Business Media}
}
@book{horn2012matrix,
    title = {Matrix analysis},
    author = {Horn, Roger A and Johnson, Charles R},
    year = {2012},
    publisher = {Cambridge university press}
}
@book{nesterov2013introductory,
    title = {Introductory lectures on convex optimization: A basic course},
    author = {Nesterov, Yurii},
    volume = {87},
    year = {2013},
    publisher = {Springer Science \& Business Media}
}
@book{fokkink2018distributed,
    title = {Distributed algorithms: an intuitive approach},
    author = {Fokkink, Wan},
    year = {2018},
    publisher = {MIT Press}
}
@article{bubeck2014convex,
    title = {Convex optimization: Algorithms and complexity},
    author = {Bubeck, S{\'e}bastien},
    journal = {arXiv preprint arXiv:1405.4980},
    year = {2014}
}
@book{tomita2012generalized,
    title = {Generalized LR parsing},
    author = {Tomita, Masaru},
    year = {2012},
    publisher = {Springer Science \& Business Media}
}
@book{dunn2003parallel,
    title = {A parallel algorithm synthesis procedure for high-performance computer architectures},
    author = {Dunn, Ian N and Meyer, Gerard GL},
    year = {2003},
    publisher = {Springer Science \& Business Media}
}
@book{nocedal2006numerical,
    title = {Numerical optimization},
    author = {Nocedal, Jorge and Wright, Stephen},
    year = {2006},
    publisher = {Springer Science \& Business Media}
}
@book{moret2017adventures,
    title = {Adventures in computer science: From classical bits to quantum bits},
    author = {Moret-Bonillo, Vicente},
    year = {2017},
    publisher = {Springer}
}
@book{du2017theoretical,
    title = {Theoretical Computer Science: 35th National Conference, NCTCS 2017, Wuhan, China, October 14-15, 2017, Proceedings},
    author = {Du, Dingzhu and Li, Lian and Zhu, En and He, Kun},
    volume = {768},
    year = {2017},
    publisher = {Springer}
}
@book{nakahara2008quantum,
    title = {Quantum computing: from linear algebra to physical realizations},
    author = {Nakahara, Mikio and Ohmi, Tetsuo},
    year = {2008},
    publisher = {CRC press}
}
@article{russell2002artificial,
    title = {Artificial intelligence: a modern approach},
    author = {Russell, Stuart and Norvig, Peter},
    year = {2002}
}
@book{cormen2009introduction,
    title = {Introduction to algorithms},
    author = {Cormen, Thomas H and Leiserson, Charles E and Rivest, Ronald L and Stein, Clifford},
    year = {2009},
    publisher = {MIT press}
}
@book{levitin2012introduction,
    title = {Introduction to the design \& analysis of algorithms},
    author = {Levitin, Anany},
    year = {2012},
    publisher = {Boston: Pearson,}
}
@article{tinellihandbook,
    title = {Handbook of Satisfiability},
    author = {Tinelli, Seshia3 Cesare}
}
@book{bishop2006pattern,
    title = {Pattern recognition and machine learning},
    author = {Bishop, Christopher M},
    year = {2006},
    publisher = {springer}
}
@book{arora2009computational,
    title = {Computational complexity: a modern approach},
    author = {Arora, Sanjeev and Barak, Boaz},
    year = {2009},
    publisher = {Cambridge University Press}
}
@article{graham1989concrete,
    title = {Concrete mathematics: a foundation for computer science},
    author = {Graham, Ronald L and Knuth, Donald E and Patashnik, Oren and Liu, Stanley},
    journal = {Computers in Physics},
    volume = {3},
    number = {5},
    pages = {106--107},
    year = {1989},
    publisher = {American Institute of Physics}
}
@book{brunton2019data,
    title = {Data-driven science and engineering: Machine learning, dynamical systems, and control},
    author = {Brunton, Steven L and Kutz, J Nathan},
    year = {2019},
    publisher = {Cambridge University Press}
}
@book{goodfellow2016deep,
    title = {Deep learning},
    author = {Goodfellow, Ian and Bengio, Yoshua and Courville, Aaron and Bengio, Yoshua},
    volume = {1},
    year = {2016},
    publisher = {MIT press Cambridge}
}
@book{banks2005discrete,
    title = {Discrete event system simulation},
    author = {Banks, Jerry},
    year = {2005},
    publisher = {Pearson Education India}
}
@book{coulouris2005distributed,
    title = {Distributed systems: concepts and design},
    author = {Coulouris, George F and Dollimore, Jean and Kindberg, Tim},
    year = {2005},
    publisher = {pearson education}
}
@book{tanenbaum2007distributed,
    title = {Distributed systems: principles and paradigms},
    author = {Tanenbaum, Andrew S and Van Steen, Maarten},
    year = {2007},
    publisher = {Prentice-Hall}
}
@article{bellman1966dynamic,
    title = {Dynamic programming},
    author = {Bellman, Richard},
    journal = {Science},
    volume = {153},
    number = {3731},
    pages = {34--37},
    year = {1966},
    publisher = {American Association for the Advancement of Science}
}
@book{jurafsky2000speech,
    title = {Speech \& language processing},
    author = {Jurafsky, Dan},
    year = {2000},
    publisher = {Pearson Education India}
}
@book{friedman2001elements,
    title = {The elements of statistical learning},
    author = {Friedman, Jerome and Hastie, Trevor and Tibshirani, Robert},
    volume = {1},
    number = {10},
    year = {2001},
    publisher = {Springer series in statistics New York}
}
@book{michalewicz2013solve,
    title = {How to solve it: modern heuristics},
    author = {Michalewicz, Zbigniew and Fogel, David B},
    year = {2013},
    publisher = {Springer Science \& Business Media}
}
@book{herstein1990abstract,
    title = {Abstract algebra},
    author = {Herstein, Israel N},
    year = {1990}
}
@book{stewart1995concepts,
    title = {Concepts of modern mathematics},
    author = {Stewart, Ian},
    year = {1995},
    publisher = {Courier Corporation}
}
@misc{law2000simulation,
    title = {Simulation Modelling and Analysis},
    author = {Law, Averill M and Kelton, W David},
    year = {2000},
    publisher = {Mc. Graw Hill,}
}
@book{alpaydin2020introduction,
    title = {Introduction to machine learning},
    author = {Alpaydin, Ethem},
    year = {2020},
    publisher = {MIT press}
}
@article{sipser1996introduction,
    title = {Introduction to the Theory of Computation},
    author = {Sipser, Michael},
    journal = {ACM Sigact News},
    volume = {27},
    number = {1},
    pages = {27--29},
    year = {1996},
    publisher = {ACM New York, NY, USA}
}
@book{james2013introduction,
    title = {An introduction to statistical learning},
    author = {James, Gareth and Witten, Daniela and Hastie, Trevor and Tibshirani, Robert},
    volume = {112},
    year = {2013},
    publisher = {Springer}
}
@book{axler2015linear,
    title = {Linear algebra done right},
    author = {Axler, Sheldon},
    year = {2015},
    publisher = {Springer}
}
@article{treil2016linear,
    title = {Linear algebra done wrong},
    author = {Treil, Sergi},
    year = {2016}
}
@book{cook2013mathematicians,
    title = {Mathematicians: an outer view of the inner world},
    author = {Cook, Mariana and Gunning, Robert C},
    year = {2013},
    publisher = {Princeton University Press}
}
@book{yanofsky2008quantum,
    title = {Quantum computing for computer scientists},
    author = {Yanofsky, Noson S and Mannucci, Mirco A},
    year = {2008},
    publisher = {Cambridge University Press}
}
@book{sra2012optimization,
    title = {Optimization for machine learning},
    author = {Sra, Suvrit and Nowozin, Sebastian and Wright, Stephen J},
    year = {2012},
    publisher = {Mit Press}
}
@book{cameron1994combinatorics,
    title = {Combinatorics: topics, techniques, algorithms},
    author = {Cameron, Peter J and others},
    year = {1994},
    publisher = {Cambridge University Press}
}
@book{baase2009computer,
    title = {Computer algorithms: introduction to design and analysis},
    author = {Baase, Sara},
    year = {2009},
    publisher = {Pearson Education India}
}
@book{knuth1995selected,
    title = {Selected papers on computer science},
    author = {Knuth, Donald Ervin},
    year = {1995},
    publisher = {CSLI Publications}
}
@book{gowers2008princeton,
    title = {The Princeton companion to mathematics},
    author = {Gowers, Timothy and Barrow-Green, June and Leader, Imre},
    year = {2008},
    publisher = {Princeton University Press}
}
@book{boyd2004convex,
    title = {Convex optimization},
    author = {Boyd, Stephen and Boyd, Stephen P and Vandenberghe, Lieven},
    year = {2004},
    publisher = {Cambridge university press}
}
@incollection{foucart2013invitation,
    title = {An invitation to compressive sensing},
    author = {Foucart, Simon and Rauhut, Holger},
    booktitle = {A mathematical introduction to compressive sensing},
    pages = {1--39},
    year = {2013},
    publisher = {Springer}
}
@book{roman2005advanced,
    title = {Advanced linear algebra},
    author = {Roman, Steven and Axler, S and Gehring, FW},
    volume = {3},
    year = {2005},
    publisher = {Springer}
}
@book{abbott2012understanding,
    title = {Understanding analysis},
    author = {Abbott, Stephen},
    year = {2012},
    publisher = {Springer Science \& Business Media}
}

